@misc{wikipediaGilbertJohnsonKeerthiDistance,
	author = {},
	title = {{G}ilbert–{J}ohnson–{K}eerthi distance algorithm - {W}ikipedia --- en.wikipedia.org},
	howpublished = {\url{https://en.wikipedia.org/wiki/Gilbert\%E2\%80\%93Johnson\%E2\%80\%93Keerthi_distance_algorithm}},
	year = {},
	note = {[Accessed 23-04-2025]},
}

@misc{wikipediaMinkowskiAddition,
	author = {},
	title = {{M}inkowski addition - {W}ikipedia --- en.wikipedia.org},
	howpublished = {\url{https://en.wikipedia.org/wiki/Minkowski_addition}},
	year = {},
	note = {[Accessed 23-04-2025]},
}
